<record><leader>00000cas a22000007a 4500</leader><controlfield tag="001">24687699</controlfield><controlfield tag="008">911106c19739999nhumn ne      0    0eng d</controlfield><datafield ind1=" " ind2=" " tag="010"><subfield code="a">sn 91063822 </subfield></datafield><datafield ind1=" " ind2=" " tag="040"><subfield code="a">NVH</subfield><subfield code="b">eng</subfield><subfield code="c">NVH</subfield><subfield code="d">OCLCQ</subfield></datafield><datafield ind1=" " ind2=" " tag="042"><subfield code="a">msc</subfield></datafield><datafield ind1="0" ind2="4" tag="245"><subfield code="a">The Plain facts.</subfield></datafield><datafield ind1="3" ind2="0" tag="246"><subfield code="a">Plainfacts</subfield></datafield><datafield ind1=" " ind2=" " tag="260"><subfield code="a">Plainfield, N.H. :</subfield><subfield code="b">[s.n.]</subfield></datafield><datafield ind1=" " ind2=" " tag="300"><subfield code="a">v.</subfield></datafield><datafield ind1=" " ind2=" " tag="310"><subfield code="a">Monthly (combined issues July/Aug., Dec./Jan.),</subfield><subfield code="b">Mar. 1982-</subfield></datafield><datafield ind1=" " ind2=" " tag="321"><subfield code="a">Bimonthly,</subfield><subfield code="b">June 1973-Apr. 1974</subfield></datafield><datafield ind1="0" ind2=" " tag="362"><subfield code="a">Issue no. 1 (June 1973)-</subfield></datafield><datafield ind1=" " ind2=" " tag="500"><subfield code="a">Published irregularly from Jul. 1974-Mar. 1982.</subfield></datafield><datafield ind1=" " ind2=" " tag="515"><subfield code="a">Suspended with Oct. 1974 issue; resumed with Dec. 1975 issue.</subfield></datafield><datafield ind1=" " ind2=" " tag="752"><subfield code="a">United States</subfield><subfield code="b">New Hampshire</subfield><subfield code="c">Sullivan</subfield><subfield code="d">Plainfield.</subfield></datafield></record>